%YAML 1.1
%TAG !u! tag:unity3d.com,2011:
--- !u!1001 &100100000
Prefab:
  m_ObjectHideFlags: 1
  serializedVersion: 2
  m_Modification:
    m_TransformParent: {fileID: 0}
    m_Modifications: []
    m_RemovedComponents: []
  m_ParentPrefab: {fileID: 0}
  m_RootGameObject: {fileID: 1442860996669072}
  m_IsPrefabParent: 1
--- !u!1 &1277656854482490
GameObject:
  m_ObjectHideFlags: 0
  m_PrefabParentObject: {fileID: 0}
  m_PrefabInternal: {fileID: 100100000}
  serializedVersion: 5
  m_Component:
  - component: {fileID: 4034527234712288}
  m_Layer: 11
  m_Name: ShootPivot
  m_TagString: Untagged
  m_Icon: {fileID: 0}
  m_NavMeshLayer: 0
  m_StaticEditorFlags: 0
  m_IsActive: 1
--- !u!1 &1442860996669072
GameObject:
  m_ObjectHideFlags: 0
  m_PrefabParentObject: {fileID: 0}
  m_PrefabInternal: {fileID: 100100000}
  serializedVersion: 5
  m_Component:
  - component: {fileID: 4413078482825944}
  - component: {fileID: 33729981901225286}
  - component: {fileID: 136257428529660084}
  - component: {fileID: 54426548304703394}
  - component: {fileID: 114981645463983330}
  - component: {fileID: 114729707424896868}
  - component: {fileID: 114286888327014690}
  - component: {fileID: 114467190824634886}
  - component: {fileID: 114859108830618146}
  - component: {fileID: 114747264549395886}
  - component: {fileID: 114029607654758620}
  - component: {fileID: 114657491579184640}
  - component: {fileID: 114288486487663616}
  - component: {fileID: 114957151280796058}
  m_Layer: 11
  m_Name: Player
  m_TagString: Player
  m_Icon: {fileID: 3936346786652291628, guid: 0000000000000000d000000000000000, type: 0}
  m_NavMeshLayer: 0
  m_StaticEditorFlags: 0
  m_IsActive: 1
--- !u!1 &1567109685838480
GameObject:
  m_ObjectHideFlags: 0
  m_PrefabParentObject: {fileID: 0}
  m_PrefabInternal: {fileID: 100100000}
  serializedVersion: 5
  m_Component:
  - component: {fileID: 4889891673549276}
  - component: {fileID: 114220300453431170}
  - component: {fileID: 82839156287084434}
  m_Layer: 11
  m_Name: Sounds
  m_TagString: Untagged
  m_Icon: {fileID: 0}
  m_NavMeshLayer: 0
  m_StaticEditorFlags: 0
  m_IsActive: 1
--- !u!1 &1570645149960874
GameObject:
  m_ObjectHideFlags: 0
  m_PrefabParentObject: {fileID: 0}
  m_PrefabInternal: {fileID: 100100000}
  serializedVersion: 5
  m_Component:
  - component: {fileID: 4714110368048998}
  - component: {fileID: 20494867229280936}
  - component: {fileID: 124126966316103916}
  - component: {fileID: 81577532310427706}
  - component: {fileID: 114166277080899730}
  - component: {fileID: 114858480723258078}
  m_Layer: 0
  m_Name: Main Camera
  m_TagString: MainCamera
  m_Icon: {fileID: 0}
  m_NavMeshLayer: 0
  m_StaticEditorFlags: 0
  m_IsActive: 1
--- !u!4 &4034527234712288
Transform:
  m_ObjectHideFlags: 1
  m_PrefabParentObject: {fileID: 0}
  m_PrefabInternal: {fileID: 100100000}
  m_GameObject: {fileID: 1277656854482490}
  m_LocalRotation: {x: 0, y: 0, z: 0, w: 1}
  m_LocalPosition: {x: 0, y: 0.7, z: 0}
  m_LocalScale: {x: 1, y: 1, z: 1}
  m_Children: []
  m_Father: {fileID: 4413078482825944}
  m_RootOrder: 1
  m_LocalEulerAnglesHint: {x: 0, y: 0, z: 0}
--- !u!4 &4413078482825944
Transform:
  m_ObjectHideFlags: 1
  m_PrefabParentObject: {fileID: 0}
  m_PrefabInternal: {fileID: 100100000}
  m_GameObject: {fileID: 1442860996669072}
  m_LocalRotation: {x: 0, y: 0.7071068, z: 0, w: 0.7071068}
  m_LocalPosition: {x: -15.9, y: 1.01, z: -0.6}
  m_LocalScale: {x: 1, y: 1, z: 1}
  m_Children:
  - {fileID: 4714110368048998}
  - {fileID: 4034527234712288}
  - {fileID: 4889891673549276}
  m_Father: {fileID: 0}
  m_RootOrder: 0
  m_LocalEulerAnglesHint: {x: 0, y: 92.105, z: 0}
--- !u!4 &4714110368048998
Transform:
  m_ObjectHideFlags: 1
  m_PrefabParentObject: {fileID: 0}
  m_PrefabInternal: {fileID: 100100000}
  m_GameObject: {fileID: 1570645149960874}
  m_LocalRotation: {x: -0, y: -0, z: -0, w: 1}
  m_LocalPosition: {x: 0, y: 1, z: 0}
  m_LocalScale: {x: 1, y: 1, z: 1}
  m_Children: []
  m_Father: {fileID: 4413078482825944}
  m_RootOrder: 0
  m_LocalEulerAnglesHint: {x: 0, y: 0, z: 0}
--- !u!4 &4889891673549276
Transform:
  m_ObjectHideFlags: 1
  m_PrefabParentObject: {fileID: 0}
  m_PrefabInternal: {fileID: 100100000}
  m_GameObject: {fileID: 1567109685838480}
  m_LocalRotation: {x: 0, y: 0, z: 0, w: 1}
  m_LocalPosition: {x: 0, y: 0, z: 0}
  m_LocalScale: {x: 1, y: 1, z: 1}
  m_Children: []
  m_Father: {fileID: 4413078482825944}
  m_RootOrder: 2
  m_LocalEulerAnglesHint: {x: 0, y: 0, z: 0}
--- !u!20 &20494867229280936
Camera:
  m_ObjectHideFlags: 1
  m_PrefabParentObject: {fileID: 0}
  m_PrefabInternal: {fileID: 100100000}
  m_GameObject: {fileID: 1570645149960874}
  m_Enabled: 1
  serializedVersion: 2
  m_ClearFlags: 1
  m_BackGroundColor: {r: 0, g: 0.03448276, b: 0.058823526, a: 0}
  m_NormalizedViewPortRect:
    serializedVersion: 2
    x: 0
    y: 0
    width: 1
    height: 1
  near clip plane: 0.3
  far clip plane: 150
  field of view: 50
  orthographic: 0
  orthographic size: 5
  m_Depth: -1
  m_CullingMask:
    serializedVersion: 2
    m_Bits: 4294967295
  m_RenderingPath: -1
  m_TargetTexture: {fileID: 0}
  m_TargetDisplay: 0
  m_TargetEye: 3
  m_HDR: 1
  m_AllowMSAA: 1
  m_AllowDynamicResolution: 0
  m_ForceIntoRT: 0
  m_OcclusionCulling: 1
  m_StereoConvergence: 10
  m_StereoSeparation: 0.022
--- !u!33 &33729981901225286
MeshFilter:
  m_ObjectHideFlags: 1
  m_PrefabParentObject: {fileID: 0}
  m_PrefabInternal: {fileID: 100100000}
  m_GameObject: {fileID: 1442860996669072}
  m_Mesh: {fileID: 10208, guid: 0000000000000000e000000000000000, type: 0}
--- !u!54 &54426548304703394
Rigidbody:
  m_ObjectHideFlags: 1
  m_PrefabParentObject: {fileID: 0}
  m_PrefabInternal: {fileID: 100100000}
  m_GameObject: {fileID: 1442860996669072}
  serializedVersion: 2
  m_Mass: 1
  m_Drag: 0
  m_AngularDrag: 0.05
  m_UseGravity: 1
  m_IsKinematic: 0
  m_Interpolate: 0
  m_Constraints: 112
  m_CollisionDetection: 0
--- !u!81 &81577532310427706
AudioListener:
  m_ObjectHideFlags: 1
  m_PrefabParentObject: {fileID: 0}
  m_PrefabInternal: {fileID: 100100000}
  m_GameObject: {fileID: 1570645149960874}
  m_Enabled: 1
--- !u!82 &82839156287084434
AudioSource:
  m_ObjectHideFlags: 1
  m_PrefabParentObject: {fileID: 0}
  m_PrefabInternal: {fileID: 100100000}
  m_GameObject: {fileID: 1567109685838480}
  m_Enabled: 1
  serializedVersion: 4
  OutputAudioMixerGroup: {fileID: 243109488624105610, guid: 46a601bbc4f864a13bcb7df7fb56a262,
    type: 2}
  m_audioClip: {fileID: 0}
  m_PlayOnAwake: 0
  m_Volume: 0.2
  m_Pitch: 1
  Loop: 0
  Mute: 0
  Spatialize: 0
  SpatializePostEffects: 0
  Priority: 128
  DopplerLevel: 1
  MinDistance: 1
  MaxDistance: 500
  Pan2D: 0
  rolloffMode: 0
  BypassEffects: 0
  BypassListenerEffects: 0
  BypassReverbZones: 0
  rolloffCustomCurve:
    serializedVersion: 2
    m_Curve:
    - serializedVersion: 2
      time: 0
      value: 1
      inSlope: 0
      outSlope: 0
      tangentMode: 0
    - serializedVersion: 2
      time: 1
      value: 0
      inSlope: 0
      outSlope: 0
      tangentMode: 0
    m_PreInfinity: 2
    m_PostInfinity: 2
    m_RotationOrder: 4
  panLevelCustomCurve:
    serializedVersion: 2
    m_Curve:
    - serializedVersion: 2
      time: 0
      value: 0
      inSlope: 0
      outSlope: 0
      tangentMode: 0
    m_PreInfinity: 2
    m_PostInfinity: 2
    m_RotationOrder: 0
  spreadCustomCurve:
    serializedVersion: 2
    m_Curve:
    - serializedVersion: 2
      time: 0
      value: 0
      inSlope: 0
      outSlope: 0
      tangentMode: 0
    m_PreInfinity: 2
    m_PostInfinity: 2
    m_RotationOrder: 0
  reverbZoneMixCustomCurve:
    serializedVersion: 2
    m_Curve:
    - serializedVersion: 2
      time: 0
      value: 1.1
      inSlope: 0
      outSlope: 0
      tangentMode: 0
    m_PreInfinity: 2
    m_PostInfinity: 2
    m_RotationOrder: 0
--- !u!114 &114029607654758620
MonoBehaviour:
  m_ObjectHideFlags: 1
  m_PrefabParentObject: {fileID: 0}
  m_PrefabInternal: {fileID: 100100000}
  m_GameObject: {fileID: 1442860996669072}
  m_Enabled: 1
  m_EditorHideFlags: 0
  m_Script: {fileID: 11500000, guid: bd3a6f6a91c3d4875abff2d4883a4bd9, type: 3}
  m_Name: 
  m_EditorClassIdentifier: 
  LayerMask:
    serializedVersion: 2
    m_Bits: 16384
  destroySelfOnCollision: 0
  OnHit:
    m_PersistentCalls:
      m_Calls:
      - m_Target: {fileID: 114286888327014690}
        m_MethodName: OnDeathZoneCollision
        m_Mode: 0
        m_Arguments:
          m_ObjectArgument: {fileID: 0}
          m_ObjectArgumentAssemblyTypeName: UnityEngine.Object, UnityEngine
          m_IntArgument: 0
          m_FloatArgument: 0
          m_StringArgument: 
          m_BoolArgument: 0
        m_CallState: 2
    m_TypeName: UnityCollisionEvent, Assembly-CSharp, Version=0.0.0.0, Culture=neutral,
      PublicKeyToken=null
--- !u!114 &114166277080899730
MonoBehaviour:
  m_ObjectHideFlags: 1
  m_PrefabParentObject: {fileID: 0}
  m_PrefabInternal: {fileID: 100100000}
  m_GameObject: {fileID: 1570645149960874}
  m_Enabled: 1
  m_EditorHideFlags: 0
  m_Script: {fileID: 11500000, guid: 4975a6e437fc3b149a8cd508ce5bdd69, type: 3}
  m_Name: 
  m_EditorClassIdentifier: 
  threshold: 0.169
  intensity: 0.63
  blurSize: 1.35
  blurIterations: 1
  blurType: 0
  fastBloomShader: {fileID: 4800000, guid: 68a00c837b82e4c6d92e7da765dc5f1d, type: 3}
--- !u!114 &114220300453431170
MonoBehaviour:
  m_ObjectHideFlags: 1
  m_PrefabParentObject: {fileID: 0}
  m_PrefabInternal: {fileID: 100100000}
  m_GameObject: {fileID: 1567109685838480}
  m_Enabled: 1
  m_EditorHideFlags: 0
  m_Script: {fileID: 11500000, guid: bfea0170d5bf84606a81cc5ca790c14c, type: 3}
  m_Name: 
  m_EditorClassIdentifier: 
  fpsController: {fileID: 114981645463983330}
  randomizePitching: 0.1
  randomizeVolume: 0.07
  panEffect: 0.1
  stepsByMeter: 0.25
  clips:
  - {fileID: 8300000, guid: 2706d01839c834ea99db304dfde78359, type: 3}
--- !u!114 &114286888327014690
MonoBehaviour:
  m_ObjectHideFlags: 1
  m_PrefabParentObject: {fileID: 0}
  m_PrefabInternal: {fileID: 100100000}
  m_GameObject: {fileID: 1442860996669072}
  m_Enabled: 1
  m_EditorHideFlags: 0
  m_Script: {fileID: 11500000, guid: 0f37c73cdbfc146fca413a19ad6229f3, type: 3}
  m_Name: 
  m_EditorClassIdentifier: 
  chromaticAberration: {fileID: 114858480723258078}
  chromaticAberrationGain: 5
  vignetteGain: 2
  fadeOutTime: 1
  reactionForce: 3
  body: {fileID: 0}
  deathZoneAngularSpeed: {x: 10, y: 5, z: 5}
--- !u!114 &114288486487663616
MonoBehaviour:
  m_ObjectHideFlags: 1
  m_PrefabParentObject: {fileID: 0}
  m_PrefabInternal: {fileID: 100100000}
  m_GameObject: {fileID: 1442860996669072}
  m_Enabled: 1
  m_EditorHideFlags: 0
  m_Script: {fileID: 11500000, guid: 3077a166dc0c1427385bf17313580370, type: 3}
  m_Name: 
  m_EditorClassIdentifier: 
  dontDestroyOnLoad: 0
  mainMenuScene: DebugScene
--- !u!114 &114467190824634886
MonoBehaviour:
  m_ObjectHideFlags: 1
  m_PrefabParentObject: {fileID: 0}
  m_PrefabInternal: {fileID: 100100000}
  m_GameObject: {fileID: 1442860996669072}
  m_Enabled: 1
  m_EditorHideFlags: 0
  m_Script: {fileID: 11500000, guid: 2d71b1024b6e14492a21a4f3403d46c3, type: 3}
  m_Name: 
  m_EditorClassIdentifier: 
--- !u!114 &114657491579184640
MonoBehaviour:
  m_ObjectHideFlags: 1
  m_PrefabParentObject: {fileID: 0}
  m_PrefabInternal: {fileID: 100100000}
  m_GameObject: {fileID: 1442860996669072}
  m_Enabled: 1
  m_EditorHideFlags: 0
  m_Script: {fileID: 11500000, guid: 36b0084e7333a45fe913affe0ba87dcb, type: 3}
  m_Name: 
  m_EditorClassIdentifier: 
  maxValue: 100
  enemyDamage: 20
  restoreInterval: 0.5
  restoreDelta: 1
--- !u!114 &114729707424896868
MonoBehaviour:
  m_ObjectHideFlags: 1
  m_PrefabParentObject: {fileID: 0}
  m_PrefabInternal: {fileID: 100100000}
  m_GameObject: {fileID: 1442860996669072}
  m_Enabled: 1
  m_EditorHideFlags: 0
  m_Script: {fileID: 11500000, guid: b22686e0604fb486abcaf3c818e77ea5, type: 3}
  m_Name: 
  m_EditorClassIdentifier: 
  mode: 1
  bulletPrefab: {fileID: 1300691353648174, guid: b4f5c3f5f894d433398d5ce8dcb5c0ed,
    type: 2}
  bulletPivot: {fileID: 4034527234712288}
  bulletSpeed: 22
  cooldown: 0.3
--- !u!114 &114747264549395886
MonoBehaviour:
  m_ObjectHideFlags: 1
  m_PrefabParentObject: {fileID: 0}
  m_PrefabInternal: {fileID: 100100000}
  m_GameObject: {fileID: 1442860996669072}
  m_Enabled: 1
  m_EditorHideFlags: 0
  m_Script: {fileID: 11500000, guid: bd3a6f6a91c3d4875abff2d4883a4bd9, type: 3}
  m_Name: 
  m_EditorClassIdentifier: 
  LayerMask:
    serializedVersion: 2
    m_Bits: 1024
  destroySelfOnCollision: 0
  OnHit:
    m_PersistentCalls:
      m_Calls:
      - m_Target: {fileID: 114286888327014690}
        m_MethodName: OnEnemyCollision
        m_Mode: 0
        m_Arguments:
          m_ObjectArgument: {fileID: 0}
          m_ObjectArgumentAssemblyTypeName: UnityEngine.Object, UnityEngine
          m_IntArgument: 0
          m_FloatArgument: 0
          m_StringArgument: 
          m_BoolArgument: 0
        m_CallState: 2
      - m_Target: {fileID: 114657491579184640}
        m_MethodName: OnEnemyCollision
        m_Mode: 0
        m_Arguments:
          m_ObjectArgument: {fileID: 0}
          m_ObjectArgumentAssemblyTypeName: UnityEngine.Object, UnityEngine
          m_IntArgument: 0
          m_FloatArgument: 0
          m_StringArgument: 
          m_BoolArgument: 0
        m_CallState: 2
    m_TypeName: UnityCollisionEvent, Assembly-CSharp, Version=0.0.0.0, Culture=neutral,
      PublicKeyToken=null
--- !u!114 &114858480723258078
MonoBehaviour:
  m_ObjectHideFlags: 1
  m_PrefabParentObject: {fileID: 0}
  m_PrefabInternal: {fileID: 100100000}
  m_GameObject: {fileID: 1570645149960874}
  m_Enabled: 1
  m_EditorHideFlags: 0
  m_Script: {fileID: 11500000, guid: dd6d4281e5d7cd44d8c6e38bc2c1b8d8, type: 3}
  m_Name: 
  m_EditorClassIdentifier: 
  mode: 0
  intensity: 0.2
  chromaticAberration: 2.5
  axialAberration: 0.81
  blur: 0
  blurSpread: 0.319
  luminanceDependency: 0.39
  blurDistance: 0.79
  vignetteShader: {fileID: 4800000, guid: 627943dc7a9a74286b70a4f694a0acd5, type: 3}
  separableBlurShader: {fileID: 4800000, guid: e97c14fbb5ea04c3a902cc533d7fc5d1, type: 3}
  chromAberrationShader: {fileID: 4800000, guid: 2b4f29398d9484ccfa9fd220449f5eee,
    type: 3}
--- !u!114 &114859108830618146
MonoBehaviour:
  m_ObjectHideFlags: 1
  m_PrefabParentObject: {fileID: 0}
  m_PrefabInternal: {fileID: 100100000}
  m_GameObject: {fileID: 1442860996669072}
  m_Enabled: 1
  m_EditorHideFlags: 0
  m_Script: {fileID: 11500000, guid: bd3a6f6a91c3d4875abff2d4883a4bd9, type: 3}
  m_Name: 
  m_EditorClassIdentifier: 
  LayerMask:
    serializedVersion: 2
    m_Bits: 4096
  destroySelfOnCollision: 0
  OnHit:
    m_PersistentCalls:
      m_Calls:
      - m_Target: {fileID: 114729707424896868}
        m_MethodName: AddBullets
        m_Mode: 3
        m_Arguments:
          m_ObjectArgument: {fileID: 0}
          m_ObjectArgumentAssemblyTypeName: UnityEngine.Object, UnityEngine
          m_IntArgument: 10
          m_FloatArgument: 0
          m_StringArgument: 
          m_BoolArgument: 0
        m_CallState: 2
    m_TypeName: UnityCollisionEvent, Assembly-CSharp, Version=0.0.0.0, Culture=neutral,
      PublicKeyToken=null
--- !u!114 &114957151280796058
MonoBehaviour:
  m_ObjectHideFlags: 1
  m_PrefabParentObject: {fileID: 0}
  m_PrefabInternal: {fileID: 100100000}
  m_GameObject: {fileID: 1442860996669072}
  m_Enabled: 1
  m_EditorHideFlags: 0
  m_Script: {fileID: 11500000, guid: 8c72f30b4fcc4cf4fbf7fb064b343cba, type: 3}
  m_Name: 
  m_EditorClassIdentifier: 
  messageLayer:
    serializedVersion: 2
    m_Bits: 32768
--- !u!114 &114981645463983330
MonoBehaviour:
  m_ObjectHideFlags: 1
  m_PrefabParentObject: {fileID: 0}
  m_PrefabInternal: {fileID: 100100000}
  m_GameObject: {fileID: 1442860996669072}
  m_Enabled: 1
  m_EditorHideFlags: 0
  m_Script: {fileID: 11500000, guid: d09ff80875ba04b24ba600ab0cd5b035, type: 3}
  m_Name: 
  m_EditorClassIdentifier: 
  speed: 5.5
  acceleration: 1.5
  m_Camera: {fileID: 20494867229280936}
--- !u!124 &124126966316103916
Behaviour:
  m_ObjectHideFlags: 1
  m_PrefabParentObject: {fileID: 0}
  m_PrefabInternal: {fileID: 100100000}
  m_GameObject: {fileID: 1570645149960874}
  m_Enabled: 1
--- !u!136 &136257428529660084
CapsuleCollider:
  m_ObjectHideFlags: 1
  m_PrefabParentObject: {fileID: 0}
  m_PrefabInternal: {fileID: 100100000}
  m_GameObject: {fileID: 1442860996669072}
  m_Material: {fileID: 0}
  m_IsTrigger: 0
  m_Enabled: 1
  m_Radius: 0.5
  m_Height: 2.5
  m_Direction: 1
  m_Center: {x: 0, y: 0, z: 0}
